@book{baier:getting-started-k8s,
    author  = {Jonathan Baier},
    title   = {Getting Started With Kubernetes},
    publisher = {PACKT},
    year    = {2015}
}

@book{vohra:k8s-micro-docker,
    author  = {Deepak Vohra },
    title   = {Kubernetes Microservices With Docker},
    publisher = {Apress},
    year    = {2016}
}

@book{turnbull:docker-book,
    author  = {James Turnbull},
    title   = {The Docker Book: Containerization is the new virtualization},
    publisher = {James Turnbull},
    year    = {2016}
}

@book{gormlery:es,
    author  = { Clinton Gormley, Zachary Tong},
    title   = {Elasticsearch: The Definitive Guide},
    publisher = {O'Reilly Media},
    year    = {2015}
}

@book{kuc:es,
    author  = {Rafal Kuć, Marek Rogoziński},
    title   = {Elasticsearch Server},
    publisher = {PACKT},
    year    = {2016}
}



@online{site:k8s,
    title   = {Documentazione Kubernetes},
    url     = {https://kubernetes.io/docs/home/}
}

@online{site:docker,
    title   = {Documentazione Docker},
    url     = {https://docs.docker.com/}
}

@online{site:es,
    title   = {Documentazione Elasticsearch},
    url     = {https://www.elastic.co/guide/en/elasticsearch/reference/2.4/index.html}
}

@online{site:logstash,
    title   = {Documentazione Logstash},
    url     = {https://www.elastic.co/guide/en/logstash/2.3/index.html}
}

@online{site:kibana,
    title   = {Documentazione Kibana},
    url     = {https://www.elastic.co/guide/en/kibana/4.6/index.html}
}

@online{site:nginx,
    title   = {Documentazione Nginx},
    url     = {https://nginx.org/en/docs/}
}

@online{site:linux,
    title   = {Documentazione Linux},
    url     = {http://www.tldp.org/}
}

@online{site:micro,
    title   = {Pattern architetturale a microservizi},
    url     = {http://microservices.io/index.html}
}

@online{site:micro-fawler,
    title   = {Martin Fawler: Micorservices},
    url     = {https://martinfowler.com/articles/microservices.html}
}

@online{site:micro-wiki,
    title   = {Wikipedia: Microservices},
    url     = {https://en.wikipedia.org/wiki/Microservices}
}
https://en.wikipedia.org/wiki/Cloud_computing

@online{site:cloud-wiki,
    title   = {Wikipedia: Cloud computing},
    url     = {https://en.wikipedia.org/wiki/Cloud_computing}
}

